@TECHREPORT{Philipp,
	title={Automated Repair with Genetic Programming},
	author={Philipp Badenhoop},
	year={2017},
	institution={Humboldt University of Berlin, Lehrstuhl Software Engineering}
}
@inproceedings{GenProgPaper,
	author = {Claire Le Goues and ThanhVu Nguyen and Stephanie Forrest and Westley Weimer},
	title = {GenProg: A generic method for automatic software repair},
	booktitle = {IEEE Transactions on Software Engineering},
	year = {2012},
	pages = {54-72}
}
@inproceedings{AstorPaper,
	author = {Matias Martinez and Martin Monperrus},
	title = {ASTOR: A Program Repair Library for Java},
	booktitle = {ISSTA 2016 Proceedings of the 25th International Symposium on Software Testing and Analysis},
	year = {2016},
	pages = {441-444}
}